
@inreference{2,
	title = {方差分析},
	rights = {Creative Commons Attribution-{ShareAlike} License},
	url = {https://zh.wikipedia.org/w/index.php?title=%E6%96%B9%E5%B7%AE%E5%88%86%E6%9E%90&oldid=73116586},
	abstract = {方差分析（英语：Analysis of variance，简称{ANOVA}）为资料分析中常见的统计模型，主要为探讨连续型（Continuous）资料型态之因变量（Dependent variable）与类别型资料型态之自变量（Independent variable）的关系，当自变项的因子中包含等于或超过三个类别情况下，检验其各类别间平均数是否相等的统计模式，广义上可将T检验中方差相等（Equality of variance）的合并T检验（Pooled T-test）视为是方差分析的一种，基于T检验为分析两组平均数是否相等，并且采用相同的计算概念，而实际上当方差分析套用在合并T检验的分析上时，产生的{F值则会等于T检验的平方项}。
方差分析依靠F-分布为概率分布的依据，利用平方和（Sum of square）与自由度（Degree of freedom）所计算的组间与组内均方（Mean of square）估计出F值，若有显著差异则考量进行事后比较或称多重比较（Multiple comparison），较常见的为薛费法(事后比较法)、杜其范围检验与邦费罗尼校正，用于探讨其各组之间的差异为何。
在方差分析的基本运算概念下，依照所感兴趣的因子数量而可分为单因子方差分析、双因子方差分析、多因子方差分析三大类，依照因子的特性不同而有三种型态，固定效应方差分析（fixed-effect analysis of variance）、随机效应方差分析（random-effect analysis of variance）与混合效应方差分析（Mixed-effect analaysis of variance），然而第三种型态在后期发展上被认为是Mixed model的分支，关于更进一步的探讨可参考Mixed model的部分。
方差分析优于两组比较的T检验之处，在于后者会导致多重比较（multiple comparisons）的问题而致使第一类错误（Type one error）的机会增高，因此比较多组平均数是否有差异则是方差分析的主要命题。
在统计学中，方差分析（{ANOVA}）是一系列统计模型及其相关的过程总称，其中某一变量的方差可以分解为归属于不同变量来源的部分。其中最简单的方式中，方差分析的统计测试能够说明几组数据的平均值是否相等，因此得到两组的T检验。在做多组双变量T检验的时候，错误的概率会越来越大，特别是第一类错误，因此方差分析只在二到四组平均值的时候比较有效。},
	booktitle = {维基百科，自由的百科全书},
	urldate = {2022-09-16},
	date = {2022-08-08},
	langid = {pinyin},
	note = {Page Version {ID}: 73116586},
	file = {Snapshot:files/382/方差分析.html:text/html},
}

@inreference{1,
	title = {1皮尔逊卡方检验},
	rights = {Creative Commons Attribution-{ShareAlike} License},
	url = {https://zh.wikipedia.org/w/index.php?title=%E7%9A%AE%E7%88%BE%E6%A3%AE%E5%8D%A1%E6%96%B9%E6%AA%A2%E5%AE%9A&oldid=69739661},
	abstract = {皮尔逊卡方检验（英语：Pearson's chi-squared test）是最有名卡方检验之一（其他常用的卡方检验还有叶氏连续校正、似然比检验、一元混成检验等等－－它们的统计值之概率分配都近似于卡方分配，故称卡方检验）。“皮尔逊卡方检验”最早由卡尔·皮尔逊在1900年发表， 用于类别变量的检验。科学文献中，当提及卡方检验而没有特别指明类型时，通常即指皮尔逊卡方检验。},
	booktitle = {维基百科，自由的百科全书},
	urldate = {2022-09-16},
	date = {2022-01-19},
	langid = {pinyin},
	note = {Page Version {ID}: 69739661},
	file = {Snapshot:files/384/皮爾森卡方檢定.html:text/html},
}

@book{3,
	title = {中国古代玻璃技术的发展},
	isbn = {978-7-5323-7855-5},
	url = {http://book.ucdrs.superlib.net/views/specific/2929/bookDetail.jsp?dxNumber=000005333381&d=6A48A360DFED20083A546741E97EAAAB&fenlei=18180802},
	abstract = {本书首次系统地阐述了中国古代玻璃技术发展史。全面总结分析了中国各历史时期的古代玻璃情况(外形、艺术、制造工艺和化学成分)。},
	pagetotal = {328},
	publisher = {上海科学技术出版社},
	author = {{干福熹等}},
	urldate = {2022-09-16},
	date = {2005-04},
}

@online{4,
	title = {F-Distribution Tables},
	url = {http://www.socr.ucla.edu/Applets.dir/F_Table.html},
	urldate = {2022-09-16},
}

@online{5,
	title = {{SPSSAU} - 在线{SPSS分析软件}},
	url = {https://spssau.com/indexs.html},
	urldate = {2022-09-17},
	file = {SPSSAU - 在线SPSS分析软件:files/390/indexs.html:text/html},
}

@inreference{6,
	title = {变异系数},
	rights = {Creative Commons Attribution-{ShareAlike} License},
	url = {https://zh.wikipedia.org/w/index.php?title=%E5%8F%98%E5%BC%82%E7%B3%BB%E6%95%B0&oldid=72175861},
	abstract = {在概率论和统计学中，变异系数（又称离散系数、变差系数，英语：coefficient of variation，{CV}）是概率分布离散程度的一个归一化量度，其定义为标准差
  
    
      
         
        σ
      
    
    \{{\textbackslash}displaystyle {\textbackslash} {\textbackslash}sigma \}
  与平均值
  
    
      
         
        μ
      
    
    \{{\textbackslash}displaystyle {\textbackslash} {\textbackslash}mu \}
  之比：

  
    
      
        
          c
          
            v
          
        
        =
        
          
            σ
            μ
          
        
      
    
    \{{\textbackslash}displaystyle c\_\{v\}=\{{\textbackslash}sigma  {\textbackslash}over {\textbackslash}mu \}\}
  变异系数只在平均值不为零时有定义，而且一般适用于平均值大于零的情况。变异系数也被称为标准离差率或单位风险。
变异系数只对由比率标量计算出来的数值有意义。举例来说，对于一个气温的分布，使用开尔文或摄氏度来计算的话，σ开尔文=1.82*σ摄氏度，μ开尔文=1.8*μ摄氏度+32，因此使用不同的温标的话得出的变异系数是不同的。使用区间标量得到的变异系数是没有意义的。},
	booktitle = {维基百科，自由的百科全书},
	urldate = {2022-09-17},
	date = {2022-06-16},
	langid = {pinyin},
	note = {Page Version {ID}: 72175861},
	file = {Snapshot:files/392/变异系数.html:text/html},
}

@article{7,
	title = {Comparison of Values of Pearson's and Spearman's Correlation Coefficients on the Same Sets of Data},
	volume = {30},
	url = {https://sciendo.com/article/10.2478/v10117-011-0021-1},
	doi = {10.2478/v10117-011-0021-1},
	abstract = {Comparison of Values of Pearson's and Spearman's Correlation Coefficients on the Same Sets of {DataSpearman}'s rank correlation coefficient is a nonparametric (distribution-free) rank statistic proposed by Charles Spearman as a measure of the strength of an association between two variables. It is a measure of a monotone association that is used when the distribution of data makes Pearson's correlation coefficient undesirable or misleading. Spearman's coefficient is not a measure of the linear relationship between two variables, as some "statisticians" declare. It assesses how well an arbitrary monotonic function can describe a relationship between two variables, without making any assumptions about the frequency distribution of the variables. Unlike Pearson's product-moment correlation coefficient, it does not require the assumption that the relationship between the variables is linear, nor does it require the variables to be measured on interval scales; it can be used for variables measured at the ordinal level. The idea of the paper is to compare the values of Pearson's product-moment correlation coefficient and Spearman's rank correlation coefficient as well as their statistical significance for different sets of data (original - for Pearson's coefficient, and ranked data for Spearman's coefficient) describing regional indices of socio-economic development.},
	pages = {87--93},
	number = {2},
	journaltitle = {Quaestiones Geographicae},
	author = {Hauke, Jan and Kossowski, Tomasz},
	urldate = {2022-09-17},
	date = {2011-06-01},
	langid = {english},
	file = {Full Text PDF:files/394/Hauke 和 Kossowski - 2011 - Comparison of Values of Pearson's and Spearman's C.pdf:application/pdf;Snapshot:files/395/v10117-011-0021-1.html:text/html},
}

@article{8,
	title = {中国古代玻璃的起源——中国最早的古代玻璃研究},
	issn = {1006-9275},
	url = {https://kns.cnki.net/kcms/detail/detail.aspx?dbcode=CJFD&dbname=CJFD2007&filename=JEXK200703007&uniplatform=NZKPT&v=B760xYkhXPu73zRrkQUN56HS55jHffIP7RdbV82quAb_ljFkNkJA1g5E0bUswCE7},
	abstract = {研究了西汉（公元前200年）以前不同地区的最早的中国古代玻璃.古玻璃样品出土于新疆维吾尔自治区、湖北省、湖南省、四川省、云南省、广东省和贵州省等地.用质子激发X光荧光技术、能量分散X光荧光技术和电感耦合等离子发射光谱等方法测定了玻璃的化学成分.这些古玻璃样品的化学成分属于以下玻璃系统:Na2O（K2O）-{CaO}-{SiO}2（K2O:Na2O＜1）,K2O（Na2O）-{CaO}-{SiO}2（K2O:Na2O＞1）,K2O-{SiO}2{和BaO}-{PbO}-{SiO}2.从考古和历史学观点讨论了这些最早的中国古代玻璃的起源,指出早期中国古代玻璃的制备技术是与中国的古代原始瓷和青铜冶炼技术相关.分析了中外古代玻璃制造技术的关系.},
	pages = {382--391},
	number = {3},
	journaltitle = {中国科学(E辑:技术科学)},
	author = {干, 福熹 and 承, 焕生 and 李, 青会},
	urldate = {2022-09-18},
	date = {2007},
	langid = {pinyin},
	note = {{\textless}北大核心, {SCI}{\textgreater}},
	keywords = {化学成分分析, 起源, 中国古代玻璃},
	file = {干 等。 - 2007 - (8)中国古代玻璃的起源——中国最早的古代玻璃研究.pdf:files/398/干 等。 - 2007 - (8)中国古代玻璃的起源——中国最早的古代玻璃研究.pdf:application/pdf},
}

@article{9,
	title = {激光剥蚀-电感耦合等离子体-原子发射光谱/质谱法分析中国古代钾玻璃组分},
	volume = {41},
	issn = {0253-3820},
	url = {https://kns.cnki.net/kcms/detail/detail.aspx?dbcode=CJFD&dbname=CJFD2013&filename=FXHX201309009&uniplatform=NZKPT&v=CSLW2rqiFhSGiE25ecZRhVhsHQQiCFImq-FtDocnRGLq7L8XeZCQMlHCjMP-vv1M},
	abstract = {利用激光剥蚀电感耦合等离子体原子发射光谱（{LA}-{ICP}-{AES}）和激光剥蚀电感耦合等离子体质谱（{LA}-{ICP}-{MS}）分析了一批中国古代钾玻璃。样品表面磨去100μm以上,并通过预剥蚀去除风化影响,设计剥蚀路径以消除元素分布不均匀影响。通过钙铝及其它微量元素将钾玻璃分成3个亚类,它们可能有不同的配方及制造中心;研究发现,钾玻璃着色剂类型多样化,有单质Cu,Mn2+,Cu2+,Co2+等;系统研究了钾玻璃的稀土元素特征,成功区分了九只岭地区及风门岭地区的钾玻璃;对两种方法在古代玻璃分析中的特点进行了探讨。},
	pages = {1328--1333},
	number = {9},
	journaltitle = {分析化学},
	author = {斯, 琴毕力格 and 李, 青会 and 干, 福熹},
	urldate = {2022-09-18},
	date = {2013},
	langid = {pinyin},
	note = {{\textless}北大核心, {SCI}, {CSCD}{\textgreater}},
	keywords = {电感耦合等离子体原子发射光谱, 电感耦合等离子体质谱, 激光剥蚀, 钾玻璃, Laser ablation inductively coupled plasma atomic emission spectrometry, Laser ablation inductively coupled plasma mass spectrometry, Potash glass},
	file = {斯 等。 - 2013 - (9)激光剥蚀-电感耦合等离子体-原子发射光谱质谱法分析中国古代钾玻璃组分.pdf:files/399/斯 等。 - 2013 - (9)激光剥蚀-电感耦合等离子体-原子发射光谱质谱法分析中国古代钾玻璃组分.pdf:application/pdf},
}

@online{10,
	title = {k 均值聚类 - {MATLAB} kmeans - {MathWorks} 中国},
	url = {https://ww2.mathworks.cn/help/stats/kmeans.html?s_tid=srchtitle_kmeans_1#bueftl4-1},
	urldate = {2022-09-18},
	file = {k 均值聚类 - MATLAB kmeans - MathWorks 中国:files/401/kmeans.html:text/html},
}

@inproceedings{11,
	title = {(k-means++: the advantages of careful seeding},
	url = {http://dl.acm.org/citation.cfm?id=1283383.1283494},
	shorttitle = {k-means++},
	pages = {1027--1035},
	booktitle = {Proceedings of the Eighteenth Annual {ACM}-{SIAM} Symposium on Discrete Algorithms, {SODA} 2007, New Orleans, Louisiana, {USA}, January 7-9, 2007},
	publisher = {{SIAM}},
	author = {Arthur, David and Vassilvitskii, Sergei},
	editor = {Bansal, Nikhil and Pruhs, Kirk and Stein, Clifford},
	urldate = {2022-09-18},
	date = {2007},
}

@online{12,
	title = {F检验},
	url = {https://baike.baidu.com/item/F%E6%A3%80%E9%AA%8C/9910842?qq-pf-to=pcqq.group},
	abstract = {F检验（F-test），最常用的别名叫做联合假设检验（英语：joint hypotheses test），此外也称方差比率检验、方差齐性检验。它是一种在零假设（null hypothesis, H0）之下，统计值服从F-分布的检验。其通常是用来分析用了超过一个参数的统计模型，以判断该模型中的全部或一部分参数是否适合用来估计母体。{F检验这名称是由美国数学家兼统计学家George} W. Snedecor命名，为了纪念英国统计学家兼生物学家罗纳德·费雪（Ronald Aylmer Fisher）。Fisher在1920{年代发明了这个检验和F分配}，最初叫做方差比率（Variance Ratio）。},
	titleaddon = {百度百科},
	urldate = {2022-09-18},
	file = {Snapshot:files/404/9910842.html:text/html},
}

@inreference{13,
	title = {互信息},
	rights = {Creative Commons Attribution-{ShareAlike} License},
	url = {https://zh.wikipedia.org/w/index.php?title=互信息&oldid=66420017},
	abstract = {在概率论和信息论中，两个随机变量的互信息（mutual Information，{MI}）度量了两个变量之间相互依赖的程度。具体来说，对于两个随机变量，{MI是在获得一个随机变量的信息之后}，观察另一个随机变量所获得的“信息量”（单位通常为比特）。互信息的概念与随机变量的熵紧密相关，熵是信息论中的基本概念，它量化的是随机变量中所包含的“信息量”。 
{MI不仅仅是度量实值随机变量和线性相关性}(如相关系数)，它更为通用。{MI决定了随机变量}
  
    
      
        
          
            (
            X
            ,
            Y
            )
          
        
      
    
    \{{\textbackslash}displaystyle \{{\textbackslash}displaystyle (X,Y)\}\}
  的联合分布与
  
    
      
        X
      
    
    \{{\textbackslash}displaystyle X\}
  和
  
    
      
        Y
      
    
    \{{\textbackslash}displaystyle Y\}
  的边缘分布的乘积之间的差异。{MI是点互信息}（Pointwise Mutual Information，{PMI}）的期望。克劳德·香农在他的论文A Mathematical Theory of Communication中定义并分析了这个度量，但是当时他并没有将其称为“互信息”。这个词后来由罗伯特·法诺创造。互信息也称为信息增益。},
	booktitle = {维基百科，自由的百科全书},
	urldate = {2022-09-18},
	date = {2021-07-04},
	langid = {pinyin},
	note = {Page Version {ID}: 66420017},
	file = {Snapshot:D\:\\WEATH\\storage\\KRFULDVY\\互信息.html:text/html},
}

@inreference{14,
	title = {Maximal information coefficient},
	rights = {Creative Commons Attribution-{ShareAlike} License},
	url = {https://en.wikipedia.org/w/index.php?title=Maximal_information_coefficient&oldid=1108594725},
	abstract = {In statistics, the maximal information coefficient ({MIC}) is a measure of the strength of the linear or non-linear association between two variables X and Y.
The {MIC} belongs to the maximal information-based nonparametric exploration ({MINE}) class of statistics.  In a simulation study, {MIC} outperformed some selected low power tests, however concerns have been raised regarding reduced statistical power in detecting some associations in settings with low sample size when compared to powerful methods such as distance correlation and Heller–Heller–Gorfine ({HHG}). Comparisons with these methods, in which {MIC} was outperformed, were made in Simon and Tibshirani and in Gorfine, Heller, and Heller. It is claimed that {MIC} approximately satisfies a property called equitability which is illustrated by selected simulation studies. It was later proved that no non-trivial coefficient can exactly satisfy the equitability property as defined by Reshef et al., although this result has been challenged. Some criticisms of {MIC} are addressed by Reshef et al. in further studies published on {arXiv}.},
	booktitle = {Wikipedia},
	urldate = {2022-09-18},
	date = {2022-09-05},
	langid = {english},
	note = {Page Version {ID}: 1108594725},
	file = {Snapshot:D\:\\WEATH\\storage\\HB88IR5I\\Maximal_information_coefficient.html:text/html},
}